@online{opencvInstallation,
    author    = {Shervin Emami},
    title     = {OpenCV Installation Guide},
    month     = dec,
    year      = {2010},
    url       = {http://opencv.willowgarage.com/wiki/InstallGuide/}
}
